<?xml version="1.0" encoding="UTF-8"?>
<collection xmlns="http://www.loc.gov/MARC21/slim">
    <!-- 2 digits space 5 digits -->    
    <record>
        <leader>02075cas a2200385 a 4500</leader>
        <controlfield tag="001">a2then5</controlfield>
        <controlfield tag="008">020717c20029999mduar b f       0 0 eng c</controlfield>
        <datafield tag="245" ind1="1" ind2="0">
            <subfield code="a">lop to 71 15446</subfield>
        </datafield>
        <datafield tag="999" ind1=" " ind2=" ">
            <subfield code="a">71 15446 V.1</subfield>
            <subfield code="w">ALPHANUM</subfield>
            <subfield code="i">36105116233839</subfield>
            <subfield code="l">RBC-30</subfield>
            <subfield code="m">SPEC-COLL</subfield>
        </datafield>
        <datafield tag="999" ind1=" " ind2=" ">
            <subfield code="a">71 15446 V.2</subfield>
            <subfield code="w">ALPHANUM</subfield>
            <subfield code="i">36105116233847</subfield>
            <subfield code="l">RBC-30</subfield>
            <subfield code="m">SPEC-COLL</subfield>
        </datafield>
    </record>