
    <!-- 4 digits space 4 digits -->    
    <record>
        <leader>08519cas a22011051a 4500</leader>
        <controlfield tag="001">a4then4</controlfield>
        <controlfield tag="008">050613c19549999cc br p 0 e       0 chi d</controlfield>
        <datafield tag="245" ind1=" " ind2=" ">
            <subfield code="a">lop to 2451 7513</subfield>
        </datafield>
        <datafield tag="999" ind1=" " ind2=" ">
            <subfield code="a">2451 7513 1954:NO.1-6</subfield>
            <subfield code="w">ALPHANUM</subfield>
            <subfield code="i">36105094421117</subfield>
            <subfield code="l">EALSAL-CHN</subfield>
            <subfield code="m">EAST-ASIA</subfield>
        </datafield>
        <datafield tag="999" ind1=" " ind2=" ">
            <subfield code="a">2451 7513 1957:NO.7-1959:NO.6</subfield>
            <subfield code="w">ALPHANUM</subfield>
            <subfield code="i">36105124668901</subfield>
            <subfield code="l">EALSAL-CHN</subfield>
            <subfield code="m">EAST-ASIA</subfield>
        </datafield>
        <datafield tag="999" ind1=" " ind2=" ">
            <subfield code="a">2451 7513 1961:NO.1,3-6</subfield>
            <subfield code="w">ALPHANUM</subfield>
            <subfield code="i">36105124668950</subfield>
            <subfield code="l">EALSAL-CHN</subfield>
            <subfield code="m">EAST-ASIA</subfield>
        </datafield>
        <datafield tag="999" ind1=" " ind2=" ">
            <subfield code="a">2451 7513 1954-1983 INDEX</subfield>
            <subfield code="w">ALPHANUM</subfield>
            <subfield code="i">36105124670220</subfield>
            <subfield code="l">EALSAL-CHN</subfield>
            <subfield code="m">EAST-ASIA</subfield>
        </datafield>
    </record>