
<!-- 4 digits space 4 digits w decimal -->    
    <record>
        <leader>02075cas a2200385 a 4500</leader>
        <controlfield tag="001">a4then4decimal</controlfield>
        <controlfield tag="008">020717c20029999mduar b f       0 0 eng c</controlfield>
        <datafield tag="245" ind1="1" ind2="0">
            <subfield code="a">lop to  4488.301 0300</subfield>
        </datafield>
        <datafield tag="999" ind1=" " ind2=" ">
            <subfield code="a">4488.301 0300 2001 CD-ROM</subfield>
            <subfield code="w">ALPHANUM</subfield>
            <subfield code="i">36105126369052</subfield>
            <subfield code="l">EALSAL-CHN</subfield>
            <subfield code="m">EAST-ASIA</subfield>
        </datafield>
        <datafield tag="999" ind1=" " ind2=" ">
            <subfield code="a">4488.301 0300 1961</subfield>
            <subfield code="w">ALPHANUM</subfield>
            <subfield code="i">36105125083126</subfield>
            <subfield code="l">EALSAL-CHN</subfield>
            <subfield code="m">EAST-ASIA</subfield>
        </datafield>
        <datafield tag="999" ind1=" " ind2=" ">
            <subfield code="a">4488.301 0300 1950-1960</subfield>
            <subfield code="w">ALPHANUM</subfield>
            <subfield code="i">36105094399131</subfield>
            <subfield code="l">EALSAL-CHN</subfield>
            <subfield code="m">EAST-ASIA</subfield>
        </datafield>
    </record>