
<!-- 4 digits space 4 digits both w decimal -->    
    <record>
        <leader>02075cas a2200385 a 4500</leader>
        <controlfield tag="001">a4then4decimalBoth</controlfield>
        <controlfield tag="008">020717c20029999mduar b f       0 0 eng c</controlfield>
        <datafield tag="245" ind1="1" ind2="0">
            <subfield code="a">lop to  9698.3 4275.25 F</subfield>
        </datafield>
        <datafield tag="999" ind1=" " ind2=" ">
            <subfield code="a">9698.3 4275.25 F V.1</subfield>
            <subfield code="w">ALPHANUM</subfield>
            <subfield code="i">36105119175003</subfield>
            <subfield code="l">READING-RM</subfield>
            <subfield code="m">EAST-ASIA</subfield>
        </datafield>
        <datafield tag="999" ind1=" " ind2=" ">
            <subfield code="a">9698.3 4275.25 F V.2</subfield>
            <subfield code="w">ALPHANUM</subfield>
            <subfield code="i">36105119175078</subfield>
            <subfield code="l">READING-RM</subfield>
            <subfield code="m">EAST-ASIA</subfield>
        </datafield>
    </record>