
    <!-- japanese in process -->    
    <record>
        <leader>02075cas a2200385 a 4500</leader>
        <controlfield tag="001">ajapInProc</controlfield>
        <controlfield tag="008">020717c20029999mduar b f       0 0 jap c</controlfield>
        <datafield tag="245" ind1="1" ind2="0">
            <subfield code="a">lop to 7885324-1001</subfield>
        </datafield>
        <datafield tag="999" ind1=" " ind2=" ">
            <subfield code="a">7885324-1001-1</subfield>
            <subfield code="w">LC</subfield>
            <subfield code="i">7885324-1001</subfield>
            <subfield code="k">INPROCESS</subfield>
            <subfield code="l">JAPANESE</subfield>
            <subfield code="m">EAST-ASIA</subfield>
        </datafield>
        <datafield tag="999" ind1=" " ind2=" ">
            <subfield code="a">7885324-1001-2</subfield>
            <subfield code="w">LC</subfield>
            <subfield code="i">7885324-2001</subfield>
            <subfield code="k">INPROCESS</subfield>
            <subfield code="l">JAPANESE</subfield>
            <subfield code="m">EAST-ASIA</subfield>
        </datafield>
    </record>
    <!-- Lane bad LC -->
    <record>
        <leader>00455cam a22001695i 4500</leader>
        <controlfield tag="001">alaneBadLC</controlfield>
        <controlfield tag="008">090106 2009    xx                  eng  </controlfield>
        <datafield tag="035" ind1=" " ind2=" ">
            <subfield code="a">Lane bad LC callnum can't start with Y  expect Y210 .A3F6</subfield>
        </datafield>
        <datafield tag="999" ind1=" " ind2=" ">
            <subfield code="a">Y210 .A3F6 VOL. 1</subfield>
            <subfield code="w">LC</subfield>
            <subfield code="i">LL41857</subfield>
            <subfield code="l">ASK@LANE</subfield>
            <subfield code="m">LANE-MED</subfield>
        </datafield>
        <datafield tag="999" ind1=" " ind2=" ">
            <subfield code="a">Y210 .A3F6 VOL. 2</subfield>
            <subfield code="w">LC</subfield>
            <subfield code="i">LL41858</subfield>
            <subfield code="l">ASK@LANE</subfield>
            <subfield code="m">LANE-MED</subfield>
        </datafield>
    </record>
    <!-- mislabeled LC -->
    <record>
        <leader>00455cam a22001695i 4500</leader>
        <controlfield tag="001">aletterY</controlfield>
        <controlfield tag="008">090106 2009    xx                  eng  </controlfield>
        <datafield tag="035" ind1=" " ind2=" ">
            <subfield code="a">LC callnum can't start with Y  expect Y210 .A3F6</subfield>
        </datafield>
        <datafield tag="999" ind1=" " ind2=" ">
            <subfield code="a">Y210 .A3F6 1973</subfield>
            <subfield code="w">LC</subfield>
            <subfield code="i">LL41857</subfield>
            <subfield code="l">STACKS</subfield>
            <subfield code="m">GREEN</subfield>
        </datafield>
        <datafield tag="999" ind1=" " ind2=" ">
            <subfield code="a">Y210 .A3F6 1978</subfield>
            <subfield code="w">LC</subfield>
            <subfield code="i">LL41858</subfield>
            <subfield code="l">STACKS</subfield>
            <subfield code="m">GREEN</subfield>
        </datafield>
    </record>