
    <!-- manuscript collection -->
    <record>
        <leader>02075cas a2200385 a 4500</leader>
        <controlfield tag="001">amanuColl</controlfield>
        <controlfield tag="008">020717c20029999mduar b f       0 0 eng c</controlfield>
        <datafield tag="245" ind1="1" ind2="0">
            <subfield code="a">manuscript collection - should it lop to M1162 or M1162 ACCN 200-260  ?</subfield>
        </datafield>
        <datafield tag="999" ind1=" " ind2=" ">
            <subfield code="a">M1162</subfield>
            <subfield code="w">ALPHANUM</subfield>
            <subfield code="i">4447519-1001</subfield>
            <subfield code="l">MANUSCRIPT</subfield>
            <subfield code="m">SPEC-COLL</subfield>
        </datafield>
        <datafield tag="999" ind1=" " ind2=" ">
            <subfield code="a">M1162 ACCN 2000-260 BOX 1</subfield>
            <subfield code="w">ALPHANUM</subfield>
            <subfield code="i">36105116165627</subfield>
            <subfield code="l">MSS-30</subfield>
            <subfield code="m">SPEC-COLL</subfield>
        </datafield>
        <datafield tag="999" ind1=" " ind2=" ">
            <subfield code="a">M1162 ACCN 2000-260 BOX 2</subfield>
            <subfield code="w">ALPHANUM</subfield>
            <subfield code="i">36105116165635</subfield>
            <subfield code="l">MSS-30</subfield>
            <subfield code="m">SPEC-COLL</subfield>
        </datafield>        
    </record>