
    <!-- map -->    
    <record>
        <leader>06724cas a2200601   4500</leader>
        <controlfield tag="001">amapXM</controlfield>
        <controlfield tag="008">790219c19639999at uu     b  s0    0eng d</controlfield>
        <datafield tag="245" ind1=" " ind2=" ">
            <subfield code="a">lop to XM98-1</subfield>
        </datafield>
        <datafield tag="999" ind1=" " ind2=" ">
            <subfield code="a">XM98-1 NO.1</subfield>
            <subfield code="w">LC</subfield>
            <subfield code="i">36105023263168</subfield>
            <subfield code="l">MAP-CASES</subfield>
            <subfield code="m">EARTH-SCI</subfield>
        </datafield>
        <datafield tag="999" ind1=" " ind2=" ">
            <subfield code="a">XM98-1 NO.2</subfield>
            <subfield code="w">LC</subfield>
            <subfield code="i">36105023263150</subfield>
            <subfield code="l">MAP-CASES</subfield>
            <subfield code="m">EARTH-SCI</subfield>
        </datafield>
    </record>