
    <!-- mcd -->
    <record>
        <leader>02621cjm a2200457Ia 4500</leader>
        <controlfield tag="001">aMCD</controlfield>
        <datafield tag="245" ind1="1" ind2="0">
            <subfield code="a">MCD volumes should lop to MCD 17393</subfield>
        </datafield>       
        <datafield tag="999" ind1=" " ind2=" ">
            <subfield code="a">MCD 17393 DISC 1</subfield>
            <subfield code="w">ALPHANUM</subfield>
            <subfield code="i">36105129399742</subfield>
            <subfield code="l">RECORDINGS</subfield>
            <subfield code="m">MUSIC</subfield>
        </datafield>
        <datafield tag="999" ind1=" " ind2=" ">
            <subfield code="a">MCD 17393 DISC 2</subfield>
            <subfield code="w">ALPHANUM</subfield>
            <subfield code="i">36105129400151</subfield>
            <subfield code="l">RECORDINGS</subfield>
            <subfield code="m">MUSIC</subfield>
        </datafield>
        <!--        
            <datafield tag="999" ind1=" " ind2=" ">
            <subfield code="a">MCD 17393 BOOKLET</subfield>
            <subfield code="w">ALPHANUM</subfield>
            <subfield code="i">36105129400136</subfield>
            <subfield code="l">RECORDINGS</subfield>
            <subfield code="m">MUSIC</subfield>
            </datafield>
        -->
    </record>