
    <!-- mcd don't lop -->
    <record>
        <leader>02621cjm a2200457Ia 4500</leader>
        <controlfield tag="001">aMCDdontLop</controlfield>
        <datafield tag="245" ind1="1" ind2="0">
            <subfield code="a">MCD volumes should not lop to MCDI or MCD</subfield>
        </datafield>       
        <datafield tag="999" ind1=" " ind2=" ">
            <subfield code="a">MCDI 141 (V.87:2)</subfield>
            <subfield code="w">ALPHANUM</subfield>
            <subfield code="i">36105028377781</subfield>
            <subfield code="l">RECORDINGS</subfield>
            <subfield code="m">MUSIC</subfield>
        </datafield>
        <datafield tag="999" ind1=" " ind2=" ">
            <subfield code="a">MCDI 142 (V.87:3)</subfield>
            <subfield code="w">ALPHANUM</subfield>
            <subfield code="i">36105028377773</subfield>
            <subfield code="l">RECORDINGS</subfield>
            <subfield code="m">MUSIC</subfield>
        </datafield>
        <datafield tag="999" ind1=" " ind2=" ">
            <subfield code="a">MCD 10313 (V.91:3)</subfield>
            <subfield code="w">ALPHANUM</subfield>
            <subfield code="i">36105018138581</subfield>
            <subfield code="l">RECORDINGS</subfield>
            <subfield code="m">MUSIC</subfield>
        </datafield>
        <datafield tag="999" ind1=" " ind2=" ">
            <subfield code="a">MCD 10945 (V.91:5)</subfield>
            <subfield code="w">ALPHANUM</subfield>
            <subfield code="i">36105018139241</subfield>
            <subfield code="l">RECORDINGS</subfield>
            <subfield code="m">MUSIC</subfield>
        </datafield>    
    </record>