
    <!-- mdvd -->
    <record>
        <leader>07178cgm a2200853Ia 4500</leader>
        <controlfield tag="001">aMDVD</controlfield>
        <controlfield tag="008">090311s2009 xxu000 vleng d</controlfield>
        <datafield tag="245" ind1="1" ind2="0">
            <subfield code="a">MDVD volumes should lop to MDVD 703</subfield>
        </datafield>
        <datafield tag="999" ind1=" " ind2=" ">
            <subfield code="a">MDVD 703 (V.12)</subfield>
            <subfield code="w">ALPHANUM</subfield>
            <subfield code="i">36105129324369</subfield>
            <subfield code="l">RECORDINGS</subfield>
            <subfield code="m">MUSIC</subfield>
        </datafield>
        <datafield tag="999" ind1=" " ind2=" ">
            <subfield code="a">MDVD 703 (V.13)</subfield>
            <subfield code="w">ALPHANUM</subfield>
            <subfield code="i">36105129396482</subfield>
            <subfield code="l">RECORDINGS</subfield>
            <subfield code="m">MUSIC</subfield>
        </datafield>
    </record>