
    <!-- mfilm -->
    <record>
        <leader>01669nam a2200289ua 4500</leader>
        <controlfield tag="001">amfilmHoover1</controlfield>
        <controlfield tag="008">870715r19741700ctu     a     000 0 eng d</controlfield>
        <datafield tag="245" ind1="1" ind2="4">
            <subfield code="a">hoover mfilm should lop to N343 MFILM</subfield>
        </datafield>
        <datafield tag="999" ind1=" " ind2=" ">
            <subfield code="a">N343 MFILM 1886 JUL-DEC.</subfield>
            <subfield code="w">ALPHANUM</subfield>
            <subfield code="i">36105073550472</subfield>
            <subfield code="l">MICROFILM</subfield>
            <subfield code="m">HOOVER</subfield>
        </datafield>
        <datafield tag="999" ind1=" " ind2=" ">
            <subfield code="a">N343 MFILM 1891 JAN-JUN.</subfield>
            <subfield code="w">ALPHANUM</subfield>
            <subfield code="i">36105073550480</subfield>
            <subfield code="l">MICROFILM</subfield>
            <subfield code="m">HOOVER</subfield>
        </datafield>
    </record>