
    <record>
        <leader>01669nam a2200289ua 4500</leader>
        <controlfield tag="001">amfilmHoover2</controlfield>
        <controlfield tag="008">870715r19741700ctu     a     000 0 eng d</controlfield>
        <datafield tag="245" ind1="1" ind2="4">
            <subfield code="a">hoover mfilm should lop to N413</subfield>
        </datafield>
        <datafield tag="999" ind1=" " ind2=" ">
            <subfield code="a">N413 1947:SEP. MFILM</subfield>
            <subfield code="w">ALPHANUM</subfield>
            <subfield code="i">36105073582053</subfield>
            <subfield code="l">MICROFILM</subfield>
            <subfield code="m">HOOVER</subfield>
        </datafield>
        <datafield tag="999" ind1=" " ind2=" ">
            <subfield code="a">N413 1947:OCT. MFILM</subfield>
            <subfield code="w">ALPHANUM</subfield>
            <subfield code="i">36105073582079</subfield>
            <subfield code="l">MICROFILM</subfield>
            <subfield code="m">HOOVER</subfield>
        </datafield>    
    </record>