
    <record>
        <leader>01669nam a2200289ua 4500</leader>
        <controlfield tag="001">amfilmNS</controlfield>
        <controlfield tag="008">870715r19741700ctu     a     000 0 eng d</controlfield>
        <datafield tag="245" ind1="1" ind2="4">
            <subfield code="a">mfilm n.s.</subfield>
        </datafield>
        <datafield tag="999" ind1=" " ind2=" ">
            <subfield code="a">MFILM N.S. 56 V.65 1981</subfield>
            <subfield code="w">ALPHANUM</subfield>
            <subfield code="i">36105024189354</subfield>
            <subfield code="l">STACKS</subfield>
            <subfield code="m">SAL3</subfield>
        </datafield>
        <datafield tag="999" ind1=" " ind2=" ">
            <subfield code="a">MFILM N.S. 56 V.53 1969</subfield>
            <subfield code="w">ALPHANUM</subfield>
            <subfield code="i">36105024189479</subfield>
            <subfield code="l">STACKS</subfield>
            <subfield code="m">SAL3</subfield>
        </datafield>    
    </record>