    
    <!-- sudoc -->
    <record>
        <leader>02075cas a2200385 a 4500</leader>
        <controlfield tag="001">asudoc</controlfield>
        <controlfield tag="008">020717c20029999mduar b f       0 0 eng c</controlfield>
        <datafield tag="245" ind1="1" ind2="0">
            <subfield code="a">lop to  C 13.58:</subfield>
        </datafield>
        <datafield tag="999" ind1=" " ind2=" ">
            <subfield code="a">C 13.58:</subfield>
            <subfield code="w">SUDOC</subfield>
            <subfield code="i">5423830-1001</subfield>
            <subfield code="l">SSRC-FICHE</subfield>
            <subfield code="m">GREEN</subfield>
        </datafield>
        <datafield tag="999" ind1=" " ind2=" ">
            <subfield code="a">C 13.58:6616</subfield>
            <subfield code="w">SUDOC</subfield>
            <subfield code="i">36105050246300</subfield>
            <subfield code="l">SSRC-FICHE</subfield>
            <subfield code="m">GREEN</subfield>
        </datafield>
        <datafield tag="999" ind1=" " ind2=" ">
            <subfield code="a">C 13.58:6628</subfield>
            <subfield code="w">SUDOC</subfield>
            <subfield code="i">36105050306526</subfield>
            <subfield code="l">SSRC-FICHE</subfield>
            <subfield code="m">GREEN</subfield>
        </datafield>
    </record>