
    <!-- yugoslav serial -->
    <record>
        <leader>02075cas a2200385 a 4500</leader>
        <controlfield tag="001">ayugoSerial</controlfield>
        <controlfield tag="008">020717c20029999mduar b f       0 0 eng c</controlfield>
        <datafield tag="245" ind1="1" ind2="0">
            <subfield code="a">lop to YUGOSLAV SERIAL</subfield>
        </datafield>
        <datafield tag="999" ind1=" " ind2=" ">
            <subfield code="a">YUGOSLAV SERIAL 1996 V.37</subfield>
            <subfield code="w">ALPHANUM</subfield>
            <subfield code="i">36105073119435</subfield>
            <subfield code="l">STACKS</subfield>
            <subfield code="m">HOOVER</subfield>
        </datafield>
        <datafield tag="999" ind1=" " ind2=" ">
            <subfield code="a">YUGOSLAV SERIAL 1997-1998 V.38-39</subfield>
            <subfield code="w">ALPHANUM</subfield>
            <subfield code="i">36105073412061</subfield>
            <subfield code="l">STACKS</subfield>
            <subfield code="m">HOOVER</subfield>
        </datafield>    
    </record>