
<!-- zdvd -->    
    <record>
        <leader>07178cgm a2200853Ia 4500</leader>
        <controlfield tag="001">aZDVD</controlfield>
        <controlfield tag="008">090311s2009 xxu000 vleng d</controlfield>
        <datafield tag="245" ind1="1" ind2="0">
            <subfield code="a">ZDVD volumes should lop to ZDVD 20921</subfield>
        </datafield>
        <datafield tag="999" ind1=" " ind2=" ">
            <subfield code="a">ZDVD 20921 DISC 1</subfield>
            <subfield code="w">ALPHANUM</subfield>
            <subfield code="i">36105130941532</subfield>
            <subfield code="l">MEDIA-MTXT</subfield>
            <subfield code="m">GREEN</subfield>
        </datafield>
        <datafield tag="999" ind1=" " ind2=" ">
            <subfield code="a">ZDVD 20921 DISC 2</subfield>
            <subfield code="w">ALPHANUM</subfield>
            <subfield code="i">36105130941524</subfield>
            <subfield code="l">MEDIA-MTXT</subfield>
            <subfield code="m">GREEN</subfield>
        </datafield>
    </record>
</collection>
